@Article{kerbl3Dgaussians,
      author       = {Kerbl, Bernhard and Kopanas, Georgios and Leimk{\"u}hler, Thomas and Drettakis, George},
      title        = {3D Gaussian Splatting for Real-Time Radiance Field Rendering},
      journal      = {ACM Transactions on Graphics},
      number       = {4},
      volume       = {42},
      month        = {July},
      year         = {2023},
      url          = {https://repo-sam.inria.fr/fungraph/3d-gaussian-splatting/}
}

@misc{qi2016pointnet,
    title={PointNet: Deep Learning on Point Sets for 3D Classification and Segmentation},
    author={Charles R. Qi and Hao Su and Kaichun Mo and Leonidas J. Guibas},
    year={2016},
    eprint={1612.00593},
    archivePrefix={arXiv},
    primaryClass={cs.CV}
}

@misc{qi2017pointnetdeephierarchicalfeature,
      title={PointNet++: Deep Hierarchical Feature Learning on Point Sets in a Metric Space}, 
      author={Charles R. Qi and Li Yi and Hao Su and Leonidas J. Guibas},
      year={2017},
      eprint={1706.02413},
      archivePrefix={arXiv},
      primaryClass={cs.CV},
      url={https://arxiv.org/abs/1706.02413}, 
}

@misc{mildenhall2020nerfrepresentingscenesneural,
      title={NeRF: Representing Scenes as Neural Radiance Fields for View Synthesis}, 
      author={Ben Mildenhall and Pratul P. Srinivasan and Matthew Tancik and Jonathan T. Barron and Ravi Ramamoorthi and Ren Ng},
      year={2020},
      eprint={2003.08934},
      archivePrefix={arXiv},
      primaryClass={cs.CV},
      url={https://arxiv.org/abs/2003.08934}, 
}

@misc{liu2024citygaussian,
      title={CityGaussian: Real-time High-quality Large-Scale Scene Rendering with Gaussians}, 
      author={Yang Liu and He Guan and Chuanchen Luo and Lue Fan and Junran Peng and Zhaoxiang Zhang},
      year={2024},
      eprint={2404.01133},
      archivePrefix={arXiv},
      primaryClass={cs.CV}
}

@article{ye2024gsplatopensourcelibrarygaussian,
    title={gsplat: An Open-Source Library for {Gaussian} Splatting}, 
    author={Vickie Ye and Ruilong Li and Justin Kerr and Matias Turkulainen and Brent Yi and Zhuoyang Pan and Otto Seiskari and Jianbo Ye and Jeffrey Hu and Matthew Tancik and Angjoo Kanazawa},
    year={2024},
    eprint={2409.06765},
    journal={arXiv preprint arXiv:2409.06765},
    archivePrefix={arXiv},
    primaryClass={cs.CV},
    url={https://arxiv.org/abs/2409.06765}, 
}

@misc{thomas2019kpconvflexibledeformableconvolution,
      title={KPConv: Flexible and Deformable Convolution for Point Clouds}, 
      author={Hugues Thomas and Charles R. Qi and Jean-Emmanuel Deschaud and Beatriz Marcotegui and Fran√ßois Goulette and Leonidas J. Guibas},
      year={2019},
      eprint={1904.08889},
      archivePrefix={arXiv},
      primaryClass={cs.CV},
      url={https://arxiv.org/abs/1904.08889}, 
}