@article{pointnet,
      title={PointNet: Deep Learning on Point Sets for 3D Classification and Segmentation}, 
      author={Charles R. Qi and Hao Su and Kaichun Mo and Leonidas J. Guibas},
      year={2017},
      eprint={1612.00593},
      archivePrefix={arXiv},
      primaryClass={cs.CV},
      url={https://arxiv.org/abs/1612.00593}, 
}
@article{city3D,
  author={Poullis, Charalambos and You, Suya},
  booktitle={2011 International Conference on 3D Imaging, Modeling, Processing, Visualization and Transmission}, 
  title={3D Reconstruction of Urban Areas}, 
  year={2011},
  volume={},
  number={},
  pages={33-40},
  keywords={Three dimensional displays;Solid modeling;Cameras;Image reconstruction;Buildings;Geometry;Computational modeling;reconstruction;large-scale;modeling;LiDAR;texturing},
  doi={10.1109/3DIMPVT.2011.14}}
@article{nerf,
      title={NeRF: Representing Scenes as Neural Radiance Fields for View Synthesis}, 
      author={Ben Mildenhall and Pratul P. Srinivasan and Matthew Tancik and Jonathan T. Barron and Ravi Ramamoorthi and Ren Ng},
      year={2020},
      eprint={2003.08934},
      archivePrefix={arXiv},
      primaryClass={cs.CV},
      url={https://arxiv.org/abs/2003.08934}, 
}
@article{gaussiansplatting,
      author       = {Kerbl, Bernhard and Kopanas, Georgios and Leimk{\"u}hler, Thomas and Drettakis, George},
      title        = {3D Gaussian Splatting for Real-Time Radiance Field Rendering},
      journal      = {ACM Transactions on Graphics},
      number       = {4},
      volume       = {42},
      month        = {July},
      year         = {2023},
      url          = {https://repo-sam.inria.fr/fungraph/3d-gaussian-splatting/}
}